<?xml version="1.0" encoding="UTF-8" ?>
<collection xmlns:xsi="http://www.w3.org/2001/XMLSchema-instance"
    xsi:schemaLocation="http://www.loc.gov/MARC21/slim
        http://www.loc.gov/standards/marcxml/schema/MARC21slim.xsd"
    xmlns="http://www.loc.gov/MARC21/slim">
<record>
  <leader>00242cam a2200457 i 4500</leader>
  <controlfield tag="001">b12494811</controlfield>
  <controlfield tag="003">LeBAU</controlfield>
  <controlfield tag="005">20200120</controlfield>
  <controlfield tag="008">970627s1955    ua            ||0 0 ara d</controlfield>
  <datafield tag="035" ind1=" " ind2=" ">
    <subfield code="a">ocn784357538</subfield>
  </datafield>
  <datafield tag="040" ind1=" " ind2=" ">
    <subfield code="a">LEAUB</subfield>
    <subfield code="b">ara</subfield>
    <subfield code="e">rda</subfield>
    <subfield code="c">LEAUB</subfield>
    <subfield code="d">LEAUB</subfield>
  </datafield>
  <datafield tag="082" ind1="0" ind2="4">
    <subfield code="a">492.75</subfield>
    <subfield code="2">23</subfield>
  </datafield>
  <datafield tag="100" ind1="1" ind2=" ">
    <subfield code="6">880-01</subfield>
    <subfield code="a">Ibn al-Anbārī, ʻAbd al-Raḥmān ibn Muḥammad,</subfield>
    <subfield code="d">1119-1181.</subfield>
    <subfield code="e">author.</subfield>
    <subfield code="0">https://lccn.loc.gov/n83066156 ,</subfield>
  </datafield>
  <datafield tag="245" ind1="1" ind2="0">
    <subfield code="6">880-02</subfield>
    <subfield code="a">al-Inṣāf fī masāʼil al-khilāf :</subfield>
    <subfield code="b">bayna al-naḥwīyīn al-Baṣrīyīn wa-al-Kūfīyīn /</subfield>
    <subfield code="c">taʼlīf al-Shaykh al-Imām Kamāl al-Dīn Abī al-Barakāt ʻAbd al-Raḥmān ibn Muḥammad ibn Abī Saʻīd al-Anbārī al-Naḥwī, al-mawlūd fī sanat 513 - al-mutawaffá fī sanat 577 min al-Hijrah ; taḥqīq Muḥammad Muḥyī al-Dīn ʻAbd al-Ḥamīd. </subfield>
  </datafield>
  <datafield tag="250" ind1=" " ind2=" ">
    <subfield code="6">880-03</subfield>
    <subfield code="a">al-Ṭabʻah al-thālithah.</subfield>
  </datafield>
  <datafield tag="264" ind1=" " ind2="1">
    <subfield code="6">880-04</subfield>
    <subfield code="a">Miṣr :</subfield>
    <subfield code="b">Maṭbaʻat al-Saʻādah,</subfield>
    <subfield code="c">1374 [H.] = 1955 [M.]</subfield>
  </datafield>
  <datafield tag="300" ind1=" " ind2=" ">
    <subfield code="6">880-05</subfield>
    <subfield code="a">1 volume (455 pages) ;</subfield>
    <subfield code="c">22 cm</subfield>
  </datafield>
  <datafield tag="336" ind1=" " ind2=" ">
    <subfield code="a">text</subfield>
    <subfield code="b">txt</subfield>
    <subfield code="2">rdacontent</subfield>
  </datafield>
  <datafield tag="337" ind1=" " ind2=" ">
    <subfield code="a">unmediated</subfield>
    <subfield code="b">n</subfield>
    <subfield code="2">rdamedia</subfield>
  </datafield>
  <datafield tag="338" ind1=" " ind2=" ">
    <subfield code="a">volume</subfield>
    <subfield code="b">nc</subfield>
    <subfield code="2">rdacarrier</subfield>
  </datafield>
  <datafield tag="500" ind1=" " ind2=" ">
    <subfield code="a">2 جزء ببليوغرافي في 1 جزء مادي.</subfield>
  </datafield>
  <datafield tag="650" ind1=" " ind2="4">
    <subfield code="a">اللغة العربية</subfield>
    <subfield code="x">الدرس والتدريس.</subfield>
  </datafield>
  <datafield tag="650" ind1=" " ind2="4">
    <subfield code="a">فقه اللغة العربية</subfield>
    <subfield code="x">تاريخ.</subfield>
  </datafield>
  <datafield tag="650" ind1=" " ind2="0">
    <subfield code="a">Arabic language</subfield>
    <subfield code="x">Study and teaching.</subfield>
  </datafield>
  <datafield tag="650" ind1=" " ind2="0">
    <subfield code="a">Arabic philology</subfield>
    <subfield code="x">History.</subfield>
  </datafield>
  <datafield tag="700" ind1="1" ind2=" ">
    <subfield code="6">880-06</subfield>
    <subfield code="a">ʻAbd al-Ḥamīd, Muḥammad Muḥyī al-Dīn.</subfield>
    <subfield code="e">annotator.</subfield>
    <subfield code="0">https://lccn.loc.gov/n81065895 ,</subfield>
  </datafield>
  <datafield tag="775" ind1="0" ind2="8">
    <subfield code="6">880-07</subfield>
    <subfield code="a">Ibn al-Anbārī, ʻAbd al-Raḥmān ibn Muḥammad, 1119-1181.</subfield>
    <subfield code="4">http://rdaregistry.info/Elements/m/P30132 :</subfield>
    <subfield code="a">إبن الأنباري، أبو البركات عبد الرحمن بن محمد، 1119-1181.</subfield>
    <subfield code="t">Inṣāf fī masāʼil al-khilāf : bayna al-naḥwīyīn al-Baṣrīyīn wa-al-Kūfīyīn.</subfield>
    <subfield code="b">al-Ṭabʻah al-thāniyah, tamtāz bi-ziyādat al-tanqīḥ wa-diqqat al-taṣḥīḥ.</subfield>
    <subfield code="d">al-Qāhirah : Maṭbaʻat Ḥijāzī, 1953</subfield>
    <subfield code="w">(OCoLC)936117409</subfield>
    <subfield code="w">(OCoLC)936117409</subfield>
    <subfield code="i">has designation of a named revision of an edition</subfield>
  </datafield>
  <datafield tag="852" ind1=" " ind2=" ">
    <subfield code="a">Jafet Library</subfield>
    <subfield code="e">American University of Beirut, Bliss Street , Beirut, Lebanon.</subfield>
  </datafield>
  <datafield tag="880" ind1="1" ind2=" ">
    <subfield code="6">100-01/(3/r</subfield>
    <subfield code="a">إبن الأنباري، أبو البركات عبد الرحمن بن محمد،</subfield>
    <subfield code="d">1119-1181،</subfield>
    <subfield code="0">https://lccn.loc.gov/n83066156 ,</subfield>
    <subfield code="e">مؤلف. </subfield>
    <subfield code="4">aut.</subfield>
  </datafield>
  <datafield tag="880" ind1="1" ind2="3">
    <subfield code="6">245-02/(3/r</subfield>
    <subfield code="a">الإنصاف في مسائل الخلاف :</subfield>
    <subfield code="b">بين النحويين البصريين والكوفيين /</subfield>
    <subfield code="c">تأليف الشيخ الإمام كمال الدين ابي البركات عبد الرحمن بن محمد بن ابي سعيد الأنباري النحوي، المولود في سنة 513 - المتوفى في سنة 577 من الهجرة ؛ تحقيق محمد محي الدين عبد الحميد.</subfield>
  </datafield>
  <datafield tag="880" ind1=" " ind2=" ">
    <subfield code="6">250-03/(3/r</subfield>
    <subfield code="a">الطبعة الثالثة.</subfield>
  </datafield>
  <datafield tag="880" ind1=" " ind2="1">
    <subfield code="6">264-04/(3/r</subfield>
    <subfield code="a">مصر :</subfield>
    <subfield code="b">مطبعة السعادة،</subfield>
    <subfield code="c">1374 [هـ.] = 1955 [م.]</subfield>
  </datafield>
  <datafield tag="880" ind1=" " ind2=" ">
    <subfield code="6">300-05/(3/r</subfield>
    <subfield code="a">1 جزء (455 صفحة) ؛</subfield>
    <subfield code="c">25 سم</subfield>
  </datafield>
  <datafield tag="880" ind1="1" ind2=" ">
    <subfield code="6">700-06/(3/r</subfield>
    <subfield code="a">عبد الحميد، محمد محيي الدين،</subfield>
    <subfield code="0">https://lccn.loc.gov/n81065895 ,</subfield>
    <subfield code="e">محقق. </subfield>
    <subfield code="4">ann.</subfield>
  </datafield>
  <datafield tag="880" ind1="0" ind2="8">
    <subfield code="6">775-07/(3/r</subfield>
    <subfield code="i">has designation of a named revision of an edition</subfield>
    <subfield code="4">http://rdaregistry.info/Elements/m/P30132 :</subfield>
    <subfield code="a">دلالة على طبعة منقحة</subfield>
    <subfield code="t">الإنصاف في مسائل الخلاف بين النحويين : البصريين والكوفيين.</subfield>
    <subfield code="b">الطبعة الثانية، تمتاز بزيادة التنقيح ودقة التصحيح.</subfield>
    <subfield code="d">القاهرة : مطبعة حجازي، 1953</subfield>
    <subfield code="w">(LEAUB)b1827013x</subfield>
    <subfield code="w">(OCoLC)936117409</subfield>
  </datafield>
  <datafield tag="907" ind1=" " ind2=" ">
    <subfield code="a">.b12494811</subfield>
    <subfield code="b">20-02-11</subfield>
    <subfield code="c">11-05-24</subfield>
  </datafield>
  <datafield tag="907" ind1=" " ind2=" ">
    <subfield code="a">.b12494811</subfield>
    <subfield code="b">15-10-15</subfield>
    <subfield code="c">11-05-24</subfield>
  </datafield>
  <datafield tag="945" ind1=" " ind2=" ">
    <subfield code="f">J</subfield>
    <subfield code="a">492.75:I537iaA:v.1-2:c.2</subfield>
    <subfield code="i">01028044</subfield>
    <subfield code="j">.i12989034</subfield>
    <subfield code="l">u0503</subfield>
  </datafield>
  <datafield tag="945" ind1=" " ind2=" ">
    <subfield code="f">J</subfield>
    <subfield code="a">492.75:I537iaA:v.1-2:c.1</subfield>
    <subfield code="i">01028046</subfield>
    <subfield code="j">.i12989046</subfield>
    <subfield code="l">u0503</subfield>
  </datafield>
  <datafield tag="945" ind1=" " ind2=" ">
    <subfield code="f">J</subfield>
    <subfield code="a">492.75:I537iaA:v.1-2:c.3</subfield>
    <subfield code="i">00507921</subfield>
    <subfield code="j">.i19999239</subfield>
    <subfield code="l">u0503</subfield>
  </datafield>
  <datafield tag="998" ind1=" " ind2=" ">
    <subfield code="a">u05</subfield>
    <subfield code="b">97-06-27</subfield>
    <subfield code="c">m</subfield>
    <subfield code="d">a  </subfield>
    <subfield code="e">-</subfield>
    <subfield code="f">ara</subfield>
    <subfield code="g">ua </subfield>
    <subfield code="h">0</subfield>
    <subfield code="i">2</subfield>
  </datafield>
</record>
</collection>
